@article{bachelor_thesis,
  author  = {Alviano Mario, 
              Dodaro Carmine,
              Fiorentino Salvatore, 
              Previti Alessandro, 
              Ricca Francesco},
  title   = {Enumeration of Minimal Models and MUSes in WASP},
  journal = {springer},
  year    = {2022},
}

@article{DIMCAS,
  author          = {Dodaro Carmine},
  journal         = {},
  number          = {},
  title           = {Design and Implementation of Modern CDCL ASP Solvers},
  volume          = {},
  year            = {2014}
}

@article{master_thesis,
  author  = {Carmine Dodaro,
              Fiorentino Salvatore},
  title   = {AMO-aware Aggregates in Answer Set Programming},
  journal = {IJCAI},
  year    = {2024},
}

@inproceedings{MarekT99,
	Author = {Victor Marek and Miroslaw Truszczy\'nski},
	Booktitle = {The Logic Programming Paradigm: a 25-year Perspective},
	Pages = {375-398},
	Title = {Stable models and an alternative logic programming paradigm},
	Year = {1999},
	doi       = {10.1007/978-3-642-60085-2\_17}
	}


@article{Niemela99,
	Author = {Ilkka Niemel{\"{a}}},
	Journal = {Annals of Mathematics and Artificial Intelligence},
	Number = {3,4},
	Pages = {241-273},
	Title = {Logic programming with stable model semantics as a constraint programming paradigm},
	Volume = {25},
	Year = {1999},
	doi       = {10.1023/A:1018930122475}
	} 

 
@inproceedings{GelfondL90,
	Author = {Michael Gelfond and Vladimir Lifschitz},
	Booktitle = {Logic Programming: Proc.~of the Seventh International Conference},
	_editor = {Warren, D. and Szeredi, Peter},
	Pages = {579--597},
	Title = {Logic programs with classical negation},
	Year = {1990}}

@article{DBLP:journals/mlcs/Fages94,
  author       = {Fran{\c{c}}ois Fages},
  title        = {Consistency of Clark's completion and existence of stable models},
  journal      = {Methods Log. Comput. Sci.},
  volume       = {1},
  number       = {1},
  pages        = {51--60},
  year         = {1994}
}

@article{DBLP:journals/tcs/Dung92,
  author       = {Phan Minh Dung},
  title        = {On the Relations between Stable and Well-Founded Semantics of Logic
                  Programs},
  journal      = {Theor. Comput. Sci.},
  volume       = {105},
  number       = {1},
  pages        = {7--25},
  year         = {1992}
}

@incollection{DBLP:series/faia/0001LM21,
  author       = {Jo{\~{a}}o Marques{-}Silva and
                  In{\^{e}}s Lynce and
                  Sharad Malik},
  title        = {Conflict-Driven Clause Learning {SAT} Solvers},
  booktitle    = {Handbook of Satisfiability},
  series       = {FAIA},
  volume       = {336},
  pages        = {133--182},
  publisher    = {{IOS} Press},
  year         = {2021}
}


@inproceedings{DBLP:conf/aaaiss/BartholomewLM11,
  author    = {Michael Bartholomew and
               Joohyung Lee and
               Yunsong Meng},
  title     = {First-Order Semantics of Aggregates in Answer Set Programming Via
               Modified Circumscription},
  booktitle = {Logical Formalizations of Commonsense Reasoning, {AAAI} Spring Symposium},
  year      = {2011},
  publisher = {{AAAI}},
  url       = {http://www.aaai.org/ocs/index.php/SSS/SSS11/paper/view/2472},
  timestamp = {Mon, 13 Feb 2012 17:11:42 +0100},
  biburl    = {http://dblp.uni-trier.de/rec/bib/conf/aaaiss/BartholomewLM11},
  bibsource = {dblp computer science bibliography, http://dblp.org}
}

@article{DBLP:journals/tplp/GelfondZ14,
  author    = {Michael Gelfond and
               Yuanlin Zhang},
  title     = {Vicious Circle Principle and Logic Programs with Aggregates},
  journal   = {Theory and Practice of Logic Programming},
  volume    = {14},
  number    = {4-5},
  pages     = {587--601},
  year      = {2014},
  url       = {http://dx.doi.org/10.1017/S1471068414000222},
  doi       = {10.1017/S1471068414000222},
  timestamp = {Mon, 11 Aug 2014 11:04:57 +0200},
  biburl    = {http://dblp.uni-trier.de/rec/bib/journals/tplp/GelfondZ14},
  bibsource = {dblp computer science bibliography, http://dblp.org}
}

@article{DBLP:journals/tocl/Ferraris11,
  author    = {Paolo Ferraris},
  title     = {Logic programs with propositional connectives and aggregates},
  journal   = {{ACM} Trans. Comput. Log.},
  volume    = {12},
  number    = {4},
  pages     = {25},
  year      = {2011},
  url       = {http://doi.acm.org/10.1145/1970398.1970401},
  doi       = {10.1145/1970398.1970401},
  timestamp = {Tue, 09 Aug 2011 15:00:14 +0200},
  biburl    = {http://dblp.uni-trier.de/rec/bib/journals/tocl/Ferraris11},
  bibsource = {dblp computer science bibliography, http://dblp.org}
}

@article{DBLP:journals/ai/GebserKS12,
  author    = {Martin Gebser and
               Benjamin Kaufmann and
               Torsten Schaub},
  title     = {Conflict-driven answer set solving: From theory to practice},
  journal   = {Artif. Intell.},
  volume    = {187},
  pages     = {52--89},
  year      = {2012},
  url       = {http://dx.doi.org/10.1016/j.artint.2012.04.001},
  doi       = {10.1016/j.artint.2012.04.001},
  timestamp = {Wed, 16 May 2012 14:12:58 +0200},
  biburl    = {http://dblp.uni-trier.de/rec/bib/journals/ai/GebserKS12},
  bibsource = {dblp computer science bibliography, http://dblp.org}
}

@article{DBLP:journals/tplp/FaberPLDI08,
  author    = {Wolfgang Faber and
               Gerald Pfeifer and
               Nicola Leone and
               Tina Dell'Armi and
               Giuseppe Ielpa},
  title     = {Design and implementation of aggregate functions in the {DLV} system},
  journal   = {Theory and Practice of Logic Programming},
  volume    = {8},
  number    = {5-6},
  pages     = {545--580},
  year      = {2008},
  url       = {http://dx.doi.org/10.1017/S1471068408003323},
  doi       = {10.1017/S1471068408003323},
  timestamp = {Fri, 21 Nov 2008 14:17:46 +0100},
  biburl    = {http://dblp.uni-trier.de/rec/bib/journals/tplp/FaberPLDI08},
  bibsource = {dblp computer science bibliography, http://dblp.org}
}

@article{DBLP:journals/jair/LiuT06,
  author    = {Lengning Liu and
               Miroslaw Truszczynski},
  title     = {Properties and Applications of Programs with Monotone and Convex Constraints},
  journal   = {J. Artif. Intell. Res. {(JAIR)}},
  volume    = {27},
  pages     = {299--334},
  year      = {2006},
  url       = {http://dx.doi.org/10.1613/jair.2009},
  doi       = {10.1613/jair.2009},
  timestamp = {Fri, 11 Jun 2010 09:51:27 +0200},
  biburl    = {http://dblp.uni-trier.de/rec/bib/journals/jair/LiuT06},
  bibsource = {dblp computer science bibliography, http://dblp.org}
}

@article{DBLP:journals/ai/FaberPL11,
  author    = {Wolfgang Faber and
               Gerald Pfeifer and
               Nicola Leone},
  title     = {Semantics and complexity of recursive aggregates in answer set programming},
  journal   = {Artif. Intell.},
  volume    = {175},
  number    = {1},
  pages     = {278--298},
  year      = {2011},
  url       = {http://dx.doi.org/10.1016/j.artint.2010.04.002},
  doi       = {10.1016/j.artint.2010.04.002},
  timestamp = {Tue, 28 Dec 2010 12:13:31 +0100},
  biburl    = {http://dblp.uni-trier.de/rec/bib/journals/ai/FaberPL11},
  bibsource = {dblp computer science bibliography, http://dblp.org}
}

@article{DBLP:journals/ai/LiuPST10,
  author    = {Lengning Liu and
               Enrico Pontelli and
               Tran Cao Son and
               Miroslaw Truszczynski},
  title     = {Logic programs with abstract constraint atoms: The role of computations},
  journal   = {Artif. Intell.},
  volume    = {174},
  number    = {3-4},
  pages     = {295--315},
  year      = {2010},
  url       = {http://dx.doi.org/10.1016/j.artint.2009.11.016},
  doi       = {10.1016/j.artint.2009.11.016},
  timestamp = {Wed, 05 May 2010 15:43:53 +0200},
  biburl    = {http://dblp.uni-trier.de/rec/bib/journals/ai/LiuPST10},
  bibsource = {dblp computer science bibliography, http://dblp.org}
}

@article{DBLP:journals/ai/SimonsNS02,
  author    = {Patrik Simons and
               Ilkka Niemel{\"{a}} and
               Timo Soininen},
  title     = {Extending and implementing the stable model semantics},
  journal   = {Artif. Intell.},
  volume    = {138},
  number    = {1-2},
  pages     = {181--234},
  year      = {2002},
  url       = {http://dx.doi.org/10.1016/S0004-3702(02)00187-X},
  doi       = {10.1016/S0004-3702(02)00187-X},
  timestamp = {Wed, 19 Nov 2003 16:01:19 +0100},
  biburl    = {http://dblp.uni-trier.de/rec/bib/journals/ai/SimonsNS02},
  bibsource = {dblp computer science bibliography, http://dblp.org}
}

@article{DBLP:journals/tplp/AlvianoFG23,
  author       = {Mario Alviano and
                  Wolfgang Faber and
                  Martin Gebser},
  title        = {Aggregate Semantics for Propositional Answer Set Programs},
  journal      = {Theory Pract. Log. Program.},
  volume       = {23},
  number       = {1},
  pages        = {157--194},
  year         = {2023}
}

@inproceedings{DBLP:conf/ictai/Surynek20,
  author       = {Pavel Surynek},
  title        = {At-Most-One Constraints in Efficient Representations of Mutex Networks},
  booktitle    = {{ICTAI}},
  pages        = {170--177},
  publisher    = {{IEEE}},
  year         = {2020}
}

@inproceedings{DBLP:conf/iclp/GebserKKS09,
  author       = {Martin Gebser and
                  Roland Kaminski and
                  Benjamin Kaufmann and
                  Torsten Schaub},
  title        = {On the Implementation of Weight Constraint Rules in Conflict-Driven
                  {ASP} Solvers},
  booktitle    = {{ICLP}},
  series       = {LNCS},
  volume       = {5649},
  pages        = {250--264},
  publisher    = {Springer},
  year         = {2009}
}

@article{DBLP:journals/fuin/FaberLMR11,
  author       = {Wolfgang Faber and
                  Nicola Leone and
                  Marco Maratea and
                  Francesco Ricca},
  title        = {Look-back Techniques for {ASP} Programs with Aggregates},
  journal      = {Fundam. Informaticae},
  volume       = {107},
  number       = {4},
  pages        = {379--413},
  year         = {2011}
}

@article{DBLP:journals/jair/AbioNORM12,
  author       = {Ignasi Ab{\'{\i}}o and
                  Robert Nieuwenhuis and
                  Albert Oliveras and
                  Enric Rodr{\'{\i}}guez{-}Carbonell and
                  Valentin Mayer{-}Eichberger},
  title        = {A New Look at BDDs for Pseudo-Boolean Constraints},
  journal      = {J. Artif. Intell. Res.},
  volume       = {45},
  pages        = {443--480},
  year         = {2012},
  url          = {https://doi.org/10.1613/jair.3653},
  doi          = {10.1613/JAIR.3653},
  timestamp    = {Sun, 02 Oct 2022 15:39:56 +0200},
  biburl       = {https://dblp.org/rec/journals/jair/AbioNORM12.bib},
  bibsource    = {dblp computer science bibliography, https://dblp.org}
}

@article{DBLP:journals/jsat/EenS06,
  author       = {Niklas E{\'{e}}n and
                  Niklas S{\"{o}}rensson},
  title        = {Translating Pseudo-Boolean Constraints into {SAT}},
  journal      = {J. Satisf. Boolean Model. Comput.},
  volume       = {2},
  number       = {1-4},
  pages        = {1--26},
  year         = {2006},
  url          = {https://doi.org/10.3233/sat190014},
  doi          = {10.3233/SAT190014},
  timestamp    = {Mon, 17 Aug 2020 18:32:39 +0200},
  biburl       = {https://dblp.org/rec/journals/jsat/EenS06.bib},
  bibsource    = {dblp computer science bibliography, https://dblp.org}
}

@inproceedings{DBLP:conf/sat/BailleuxBR09,
  author       = {Olivier Bailleux and
                  Yacine Boufkhad and
                  Olivier Roussel},
  _editor       = {Oliver Kullmann},
  title        = {New Encodings of Pseudo-Boolean Constraints into {CNF}},
  booktitle    = {{SAT}},
  series       = {LNCS},
  volume       = {5584},
  pages        = {181--194},
  publisher    = {Springer},
  year         = {2009},
  url          = {https://doi.org/10.1007/978-3-642-02777-2\_19},
  doi          = {10.1007/978-3-642-02777-2\_19},
  timestamp    = {Tue, 14 May 2019 10:00:41 +0200},
  biburl       = {https://dblp.org/rec/conf/sat/BailleuxBR09.bib},
  bibsource    = {dblp computer science bibliography, https://dblp.org}
}

@inproceedings{DBLP:conf/sma2/NguyenNKB20,
  author       = {Van{-}Hau Nguyen and
                  Van{-}Quyet Nguyen and
                  Kyungbaek Kim and
                  Pedro Barahona},
  title        = {Empirical Study on SAT-Encodings of the At-Most-One Constraint},
  booktitle    = {{SMA}},
  pages        = {470--475},
  publisher    = {{ACM}},
  year         = {2020},
  url          = {https://doi.org/10.1145/3426020.3426170},
  doi          = {10.1145/3426020.3426170},
  timestamp    = {Tue, 09 Nov 2021 12:16:26 +0100},
  biburl       = {https://dblp.org/rec/conf/sma2/NguyenNKB20.bib},
  bibsource    = {dblp computer science bibliography, https://dblp.org}
}

@inproceedings{DBLP:conf/jelia/BomansonGJ14,
  author       = {Jori Bomanson and
                  Martin Gebser and
                  Tomi Janhunen},
  _editor       = {Eduardo Ferm{\'{e}} and
                  Jo{\~{a}}o Leite},
  title        = {Improving the Normalization of Weight Rules in Answer Set Programs},
  booktitle    = {{JELIA}},
  series       = {LNCS},
  volume       = {8761},
  pages        = {166--180},
  publisher    = {Springer},
  year         = {2014},
  url          = {https://doi.org/10.1007/978-3-319-11558-0\_12},
  doi          = {10.1007/978-3-319-11558-0\_12},
  timestamp    = {Fri, 07 Aug 2020 08:55:19 +0200},
  biburl       = {https://dblp.org/rec/conf/jelia/BomansonGJ14.bib},
  bibsource    = {dblp computer science bibliography, https://dblp.org}
}

@inproceedings{DBLP:conf/lpnmr/BomansonJ13,
  author       = {Jori Bomanson and
                  Tomi Janhunen},
  _editor       = {Pedro Cabalar and
                  Tran Cao Son},
  title        = {Normalizing Cardinality Rules Using Merging and Sorting Constructions},
  booktitle    = {{LPNMR}},
  series       = {LNCS},
  volume       = {8148},
  pages        = {187--199},
  publisher    = {Springer},
  year         = {2013},
  url          = {https://doi.org/10.1007/978-3-642-40564-8\_19},
  doi          = {10.1007/978-3-642-40564-8\_19},
  timestamp    = {Sun, 02 Jun 2019 21:23:45 +0200},
  biburl       = {https://dblp.org/rec/conf/lpnmr/BomansonJ13.bib},
  bibsource    = {dblp computer science bibliography, https://dblp.org}
}

@inproceedings{DBLP:conf/lpnmr/LierlerM04,
  author       = {Yuliya Lierler and
                  Marco Maratea},
  _editor       = {Vladimir Lifschitz and
                  Ilkka Niemel{\"{a}}},
  title        = {Cmodels-2: SAT-based Answer Set Solver Enhanced to Non-tight Programs},
  booktitle    = {{LPNMR}},
  series       = {LNCS},
  volume       = {2923},
  pages        = {346--350},
  publisher    = {Springer},
  year         = {2004},
  url          = {https://doi.org/10.1007/978-3-540-24609-1\_32},
  doi          = {10.1007/978-3-540-24609-1\_32},
  timestamp    = {Tue, 14 May 2019 10:00:48 +0200},
  biburl       = {https://dblp.org/rec/conf/lpnmr/LierlerM04.bib},
  bibsource    = {dblp computer science bibliography, https://dblp.org}
}

@article{DBLP:journals/jar/GiunchigliaLM06,
  author       = {Enrico Giunchiglia and
                  Yuliya Lierler and
                  Marco Maratea},
  title        = {Answer Set Programming Based on Propositional Satisfiability},
  journal      = {J. Autom. Reason.},
  volume       = {36},
  number       = {4},
  pages        = {345--377},
  year         = {2006},
  url          = {https://doi.org/10.1007/s10817-006-9033-2},
  doi          = {10.1007/S10817-006-9033-2},
  timestamp    = {Sun, 02 Oct 2022 15:40:05 +0200},
  biburl       = {https://dblp.org/rec/journals/jar/GiunchigliaLM06.bib},
  bibsource    = {dblp computer science bibliography, https://dblp.org}
}

@article{DBLP:journals/amai/GiunchigliaLM08,
  author       = {Enrico Giunchiglia and
                  Nicola Leone and
                  Marco Maratea},
  title        = {On the relation among answer set solvers},
  journal      = {Ann. Math. Artif. Intell.},
  volume       = {53},
  number       = {1-4},
  pages        = {169--204},
  year         = {2008},
  url          = {https://doi.org/10.1007/s10472-009-9113-1},
  doi          = {10.1007/S10472-009-9113-1},
  timestamp    = {Sun, 02 Oct 2022 15:27:12 +0200},
  biburl       = {https://dblp.org/rec/journals/amai/GiunchigliaLM08.bib},
  bibsource    = {dblp computer science bibliography, https://dblp.org}
}

@article{DBLP:journals/tplp/FerrarisL05,
  author       = {Paolo Ferraris and
                  Vladimir Lifschitz},
  title        = {Weight constraints as nested expressions},
  journal      = {Theory Pract. Log. Program.},
  volume       = {5},
  number       = {1-2},
  pages        = {45--74},
  year         = {2005},
  url          = {https://doi.org/10.1017/S1471068403001923},
  doi          = {10.1017/S1471068403001923},
  timestamp    = {Thu, 13 Feb 2020 14:39:44 +0100},
  biburl       = {https://dblp.org/rec/journals/tplp/FerrarisL05.bib},
  bibsource    = {dblp computer science bibliography, https://dblp.org}
}

@article{DBLP:journals/tplp/DodaroR20,
  author       = {Carmine Dodaro and
                  Francesco Ricca},
  title        = {The External Interface for Extending {WASP}},
  journal      = {Theory Pract. Log. Program.},
  volume       = {20},
  number       = {2},
  pages        = {225--248},
  year         = {2020},
  url          = {https://doi.org/10.1017/S1471068418000558},
  doi          = {10.1017/S1471068418000558},
  timestamp    = {Wed, 16 Mar 2022 23:49:34 +0100},
  biburl       = {https://dblp.org/rec/journals/tplp/DodaroR20.bib},
  bibsource    = {dblp computer science bibliography, https://dblp.org}
}

@article{DBLP:journals/jacm/NieuwenhuisOT06,
  author       = {Robert Nieuwenhuis and
                  Albert Oliveras and
                  Cesare Tinelli},
  title        = {Solving {SAT} and {SAT} Modulo Theories: From an abstract Davis--Putnam--Logemann--Loveland
                  procedure to DPLL(\emph{T})},
  journal      = {J. {ACM}},
  volume       = {53},
  number       = {6},
  pages        = {937--977},
  year         = {2006}
}

@inproceedings{Denecker2010DPLLAggAE,
  title={DPLL(Agg): An efficient SMT module for aggregates},
  author={Marc Denecker and Broes {De Cat}},
  year={2010},
  booktitle = {Logic and Search, Edinburgh, 15 July 2010},
  url={https://api.semanticscholar.org/CorpusID:126135475}
}

@article{DBLP:journals/tplp/AlvianoDM18,
  author       = {Mario Alviano and
                  Carmine Dodaro and
                  Marco Maratea},
  title        = {Shared aggregate sets in answer set programming},
  journal      = {Theory Pract. Log. Program.},
  volume       = {18},
  number       = {3-4},
  pages        = {301--318},
  year         = {2018}
}

@article{DBLP:journals/ngc/0001JCJBD16,
  author       = {Bart Bogaerts and
                  Joachim Jansen and
                  Broes De Cat and
                  Gerda Janssens and
                  Maurice Bruynooghe and
                  Marc Denecker},
  title        = {Bootstrapping Inference in the {IDP} Knowledge Base System},
  journal      = {New Gener. Comput.},
  volume       = {34},
  number       = {3},
  pages        = {193--220},
  year         = {2016}
}

@article{DBLP:journals/eor/BrailsfordPS99,
  author       = {Sally C. Brailsford and
                  Chris N. Potts and
                  Barbara M. Smith},
  title        = {Constraint satisfaction problems: Algorithms and applications},
  journal      = {Eur. J. Oper. Res.},
  volume       = {119},
  number       = {3},
  pages        = {557--581},
  year         = {1999}
}

@article{DBLP:journals/tplp/GebserKKS19,
  author       = {Martin Gebser and
                  Roland Kaminski and
                  Benjamin Kaufmann and
                  Torsten Schaub},
  title        = {Multi-shot {ASP} solving with clingo},
  journal      = {Theory Pract. Log. Program.},
  volume       = {19},
  number       = {1},
  pages        = {27--82},
  year         = {2019}
}

@article{DBLP:journals/algorithms/CabalarFSW23,
  author       = {Pedro Cabalar and
                  Jorge Fandinno and
                  Torsten Schaub and
                  Philipp Wanko},
  title        = {On the Semantics of Hybrid {ASP} Systems Based on Clingo},
  journal      = {Algorithms},
  volume       = {16},
  number       = {4},
  pages        = {185},
  year         = {2023}
}

@inproceedings{DBLP:conf/sara/AavaniMT13,
  author       = {Amir Aavani and
                  David G. Mitchell and
                  Eugenia Ternovska},
  title        = {New Encoding for Translating Pseudo-Boolean Constraints into {SAT}},
  booktitle    = {{SARA}},
  publisher    = {{AAAI}},
  year         = {2013}
}

@inproceedings{DBLP:conf/lpnmr/AlvianoDLR15,
  author       = {Mario Alviano and
                  Carmine Dodaro and
                  Nicola Leone and
                  Francesco Ricca},
  _editor       = {Francesco Calimeri and
                  Giovambattista Ianni and
                  Miroslaw Truszczynski},
  title        = {Advances in {WASP}},
  booktitle    = {{LPNMR}},
  series       = {LNCS},
  volume       = {9345},
  pages        = {40--54},
  publisher    = {Springer},
  year         = {2015},
  url          = {https://doi.org/10.1007/978-3-319-23264-5\_5},
  doi          = {10.1007/978-3-319-23264-5\_5},
  timestamp    = {Sun, 02 Jun 2019 21:23:46 +0200},
  biburl       = {https://dblp.org/rec/conf/lpnmr/AlvianoDLR15.bib},
  bibsource    = {dblp computer science bibliography, https://dblp.org}
}

@inproceedings{DBLP:conf/iclp/GebserKKOSW16,
  author       = {Martin Gebser and
                  Roland Kaminski and
                  Benjamin Kaufmann and
                  Max Ostrowski and
                  Torsten Schaub and
                  Philipp Wanko},
  _editor       = {Manuel Carro and
                  Andy King and
                  Neda Saeedloei and
                  Marina De Vos},
  title        = {Theory Solving Made Easy with Clingo 5},
  booktitle    = {Technical Communications of {ICLP}},
  series       = {OASIcs},
  volume       = {52},
  pages        = {2:1--2:15},
  publisher    = {Schloss Dagstuhl - Leibniz-Zentrum f{\"{u}}r Informatik},
  year         = {2016},
  url          = {https://doi.org/10.4230/OASIcs.ICLP.2016.2},
  doi          = {10.4230/OASICS.ICLP.2016.2},
  timestamp    = {Tue, 21 Mar 2023 21:03:02 +0100},
  biburl       = {https://dblp.org/rec/conf/iclp/GebserKKOSW16.bib},
  bibsource    = {dblp computer science bibliography, https://dblp.org}
}

@article{DBLP:journals/ai/CalimeriGMR16,
  author       = {Francesco Calimeri and
                  Martin Gebser and
                  Marco Maratea and
                  Francesco Ricca},
  title        = {Design and results of the Fifth Answer Set Programming Competition},
  journal      = {Artif. Intell.},
  volume       = {231},
  pages        = {151--181},
  year         = {2016},
  url          = {https://doi.org/10.1016/j.artint.2015.09.008},
  doi          = {10.1016/J.ARTINT.2015.09.008},
  timestamp    = {Sun, 25 Jul 2021 11:43:06 +0200},
  biburl       = {https://dblp.org/rec/journals/ai/CalimeriGMR16.bib},
  bibsource    = {dblp computer science bibliography, https://dblp.org}
}

@article{DBLP:journals/tplp/CalimeriFGIKKLM20,
  author       = {Francesco Calimeri and
                  Wolfgang Faber and
                  Martin Gebser and
                  Giovambattista Ianni and
                  Roland Kaminski and
                  Thomas Krennwallner and
                  Nicola Leone and
                  Marco Maratea and
                  Francesco Ricca and
                  Torsten Schaub},
  title        = {ASP-Core-2 Input Language Format},
  journal      = {Theory Pract. Log. Program.},
  volume       = {20},
  number       = {2},
  pages        = {294--309},
  year         = {2020},
  url          = {https://doi.org/10.1017/S1471068419000450},
  doi          = {10.1017/S1471068419000450},
  timestamp    = {Sun, 25 Jul 2021 11:35:17 +0200},
  biburl       = {https://dblp.org/rec/journals/tplp/CalimeriFGIKKLM20.bib},
  bibsource    = {dblp computer science bibliography, https://dblp.org}
}

@inproceedings{DBLP:conf/lpnmr/DodaroM17,
  author       = {Carmine Dodaro and
                  Marco Maratea},
  _editor       = {Marcello Balduccini and
                  Tomi Janhunen},
  title        = {Nurse Scheduling via Answer Set Programming},
  booktitle    = {{LPNMR}},
  series       = {LNCS},
  volume       = {10377},
  pages        = {301--307},
  publisher    = {Springer},
  year         = {2017},
  url          = {https://doi.org/10.1007/978-3-319-61660-5\_27},
  doi          = {10.1007/978-3-319-61660-5\_27},
  timestamp    = {Sun, 02 Jun 2019 21:23:46 +0200},
  biburl       = {https://dblp.org/rec/conf/lpnmr/DodaroM17.bib},
  bibsource    = {dblp computer science bibliography, https://dblp.org}
}

@misc{alviano_2024_11115982,
  author       = {Mario Alviano and
                  Carmine Dodaro and
                  Salvatore Fiorentino and
                  Marco Maratea},
  title        = {{Dataset: AMO-aware Aggregates in Answer Set Programming. DOI: 10.5281/zenodo.11115982}},
  publisher    = {Zenodo},
  year = {2024},
  doi          = {10.5281/zenodo.11115982},
  url          = {https://doi.org/10.5281/zenodo.11115982}
}


